@book{wirth,
  title={{Grundlagen und Techniken des Compilerbaus}},
  author={Wirth, N.},
  year={2008},
  publisher={Oldenbourg Wissenschaftsverlag}
}

